<?xml version="1.0" encoding="UTF-8"?>
<record xmlns="http://www.loc.gov/MARC21/slim">
  <leader>01182nam a2200277Ia 4500</leader>
  <controlfield tag="001">3586072</controlfield>
  <controlfield tag="005">20101013111200.0</controlfield>
  <controlfield tag="008">970701s1827    fr            000 0 fre d</controlfield>
  <datafield tag="016" ind1="7" ind2=" ">
    <subfield code="a">FRBNF303607060000005</subfield>
    <subfield code="2">FrPBN</subfield>
  </datafield>
  <datafield tag="035" ind1=" " ind2=" ">
    <subfield code="a">(OCoLC)457264674</subfield>
  </datafield>
  <datafield tag="035" ind1=" " ind2=" ">
    <subfield code="a">ocn457264674</subfield>
  </datafield>
  <datafield tag="040" ind1=" " ind2=" ">
    <subfield code="a">BDF</subfield>
    <subfield code="b">fre</subfield>
    <subfield code="c">BDF</subfield>
  </datafield>
  <datafield tag="049" ind1=" " ind2=" ">
    <subfield code="a">BRLL</subfield>
  </datafield>
  <datafield tag="099" ind1=" " ind2=" ">
    <subfield code="a">H.710.D85.O</subfield>
  </datafield>
  <datafield tag="100" ind1="1" ind2=" ">
    <subfield code="a">Dubouchage, Gabriel,</subfield>
    <subfield code="d">1777-1872.</subfield>
  </datafield>
  <datafield tag="245" ind1="1" ind2="0">
    <subfield code="a">Chambre des Pairs. Séance du 23 janvier 1827. :</subfield>
    <subfield code="b">Opinion de m. le vicomte Dubouchage, sur le projet de loi relatif à la répression de la traite des noirs.</subfield>
  </datafield>
  <datafield tag="246" ind1="1" ind2="0">
    <subfield code="a">Opinion de m. le vicomte Dubouchage, sur le projet de loi relatif à la répression de la traite des noirs</subfield>
  </datafield>
  <datafield tag="260" ind1=" " ind2=" ">
    <subfield code="a">[France? :</subfield>
    <subfield code="b">The Chambre?,</subfield>
    <subfield code="c">1827?]</subfield>
  </datafield>
  <datafield tag="300" ind1=" " ind2=" ">
    <subfield code="a">16 p. ;</subfield>
    <subfield code="c">22 cm</subfield>
  </datafield>
  <datafield tag="500" ind1=" " ind2=" ">
    <subfield code="a">Chambre des Pairs. Impressions diverses. Session 1827. N° 28.</subfield>
  </datafield>
  <datafield tag="590" ind1=" " ind2=" ">
    <subfield code="a">Boston Public Library (Rare Books Department) copy is one leaf, folded and uncut.</subfield>
  </datafield>
  <datafield tag="650" ind1=" " ind2="0">
    <subfield code="a">Slave trade</subfield>
    <subfield code="z">Caribbean Area.</subfield>
  </datafield>
  <datafield tag="700" ind1="1" ind2=" ">
    <subfield code="a">Dubouchage,</subfield>
    <subfield code="c">vicomte.</subfield>
  </datafield>
  <datafield tag="710" ind1="1" ind2=" ">
    <subfield code="a">France.</subfield>
    <subfield code="b">Chambre des pairs.</subfield>
  </datafield>
  <datafield tag="856" ind1="4" ind2="2">
    <subfield code="3">Bibliothèque nationale de France catalogue record</subfield>
    <subfield code="u">http://catalogue.bnf.fr/ark:/12148/cb303607064</subfield>
  </datafield>
  <datafield tag="994" ind1=" " ind2=" ">
    <subfield code="a">C0</subfield>
    <subfield code="b">BRL</subfield>
  </datafield>
</record>
